@inproceedings{faqir2017joint,
  title={Joint optimization of transmission and propulsion in aerial communication networks},
  author={Faqir, Omar J and Kerrigan, Eric C and G{\"u}nd{\"u}z, Deniz},
  booktitle={Decision and Control (CDC), 2017 IEEE 56th Annual Conference on},
  pages={3955--3960},
  year={2017},
  organization={IEEE}
}

@inproceedings{faqir2018predictive,
  title={Energy-efficient communication in mobile aerial relay-assisted networks using predictive control},
  author={Faqir, Omar J and Nie Yuanbo and Kerrigan, Eric C and G{\"u}nd{\"u}z, Deniz},
  booktitle={Nonlinear Model Predictive Control (NMPC), 2018 IFAC 6th Conference on},
  pages={to be published},
  year={2018},
  organization={IFAC}
}

@inproceedings{nie2018ICLOCS,
  title={{ICLOCS}2: Solve your optimal control problems with less pain},
  author={Nie Yuanbo and Faqir, Omar J and Kerrigan, Eric C},
  booktitle={Nonlinear Model Predictive Control (NMPC), 2018 IFAC 6th Conference on},
  pages={to be published},
  year={2018},
  organization={IFAC}
}

@inproceedings{faqir2018bounds,
  title={Information transmission bounds in mobile communication networks},
  author={Faqir, Omar J and Kerrigan, Eric C and G{\"u}nd{\"u}z, Deniz},
  booktitle={Control 2018, 2018 UKACC 12th Conference on},
  pages={to be published},
  year={2018},
  organization={UKACC}
}

@inproceedings{faqir2018energy,
  title={Energy-optimal control in mobile aerial relay-assisted networks},
  author={Faqir, Omar J and Kerrigan, Eric C and G{\"u}nd{\"u}z, Deniz},
  booktitle={Control 2018, 2018 UKACC 12th Conference on},
  pages={to be published},
  year={2018},
  organization={UKACC}
}

